<record><leader>00000cas a22000007a 4500</leader><controlfield tag="001">11680504</controlfield><controlfield tag="008">850211d198519uumoudn ne      0   a0eng d</controlfield><datafield ind1=" " ind2=" " tag="010"><subfield code="a">sn 85000549 </subfield></datafield><datafield ind1=" " ind2=" " tag="040"><subfield code="a">NSD</subfield><subfield code="b">eng</subfield><subfield code="c">NSD</subfield><subfield code="d">MQN</subfield><subfield code="d">NSD</subfield><subfield code="d">DLC</subfield><subfield code="d">NSD</subfield><subfield code="d">OCLCQ</subfield></datafield><datafield ind1=" " ind2=" " tag="012"><subfield code="j">0</subfield><subfield code="k">1</subfield><subfield code="m">d</subfield></datafield><datafield ind1="1" ind2=" " tag="022"><subfield code="a">8750-6696</subfield><subfield code="l">8750-6696</subfield><subfield code="2">1</subfield></datafield><datafield ind1=" " ind2=" " tag="037"><subfield code="b">Waters Publications, Inc., Fifth and Ravine Sts., Fulton, MO 65251</subfield></datafield><datafield ind1=" " ind2=" " tag="042"><subfield code="a">nsdp</subfield><subfield code="a">msc</subfield></datafield><datafield ind1="0" ind2=" " tag="130"><subfield code="a">Fulton sun (Fulton, Mo. : 1985)</subfield></datafield><datafield ind1=" " ind2="4" tag="222"><subfield code="a">The Fulton sun</subfield></datafield><datafield ind1="0" ind2="4" tag="245"><subfield code="a">The Fulton sun.</subfield></datafield><datafield ind1=" " ind2=" " tag="260"><subfield code="a">Fulton, Mo. :</subfield><subfield code="b">Waters Publications,</subfield><subfield code="c">1985-</subfield></datafield><datafield ind1=" " ind2=" " tag="310"><subfield code="a">Daily (except Sun., Mon. &amp; holidays),</subfield><subfield code="b">&lt;June 11, 1991-&gt;</subfield></datafield><datafield ind1=" " ind2=" " tag="321"><subfield code="a">Daily (except Mon. &amp; holidays),</subfield><subfield code="b">Jan. 2, 1985-</subfield></datafield><datafield ind1="0" ind2=" " tag="362"><subfield code="a">Vol. 108, no. 174 (Jan. 2, 1985)-</subfield></datafield><datafield ind1=" " ind2=" " tag="752"><subfield code="a">United States</subfield><subfield code="b">Missouri</subfield><subfield code="c">Callaway</subfield><subfield code="d">Fulton.</subfield></datafield><datafield ind1="0" ind2="0" tag="780"><subfield code="t">Kingdom daily sun-gazette</subfield><subfield code="w">(DLC)sn 88068030</subfield></datafield><datafield ind1="0" ind2="0" tag="785"><subfield code="t">Fulton sun gazette</subfield><subfield code="x">1084-5275</subfield><subfield code="w">(DLC)sn 95005398</subfield></datafield><datafield ind1=" " ind2=" " tag="936"><subfield code="a">Vol. 116, no. 6 (June 11, 1991) LIC</subfield></datafield></record>